
@article{pan_real-time_1985,
	title = {A Real-Time {QRS} Detection Algorithm},
	volume = {{BME}-32},
	doi = {10.1109/TBME.1985.325532},
	abstract = {We have developed a real-time algorithm for detection of the {QRS} complexes of {ECG} signals. It reliably recognizes {QRS} complexes based upon digital analyses of slope, amplitude, and width. A special digital bandpass filter reduces false detections caused by the various types of interference present in {ECG} signals. This filtering permits use of low thresholds, thereby increasing detection sensitivity. The algorithm automatically adjusts thresholds and parameters periodically to adapt to such {ECG} changes as {QRS} morphology and heart rate. For the standard 24 h {MIT}/{BIH} arrhythmia database, this algorithm correctly detects 99.3 percent of the {QRS} complexes.},
	pages = {230--236},
	number = {3},
	journaltitle = {{IEEE} Transactions on Biomedical Engineering},
	author = {Pan, J. and Tompkins, W. J.},
	date = {1985-03},
	keywords = {Analog-Digital Conversion, Band pass filters, Computer displays, Databases, Detection algorithms, Detectors, Digital filters, Electrocardiography, Evaluation Studies as Topic, Filtering, Filtration, Humans, Interference, Mathematics, Noise reduction},
	file = {IEEE Xplore Abstract Record:/home/emin/Zotero/storage/4EPUFIG8/4122029.html:text/html;IEEE Xplore Full Text PDF:/home/emin/Zotero/storage/9S939YZM/Pan und Tompkins - 1985 - A Real-Time QRS Detection Algorithm.pdf:application/pdf}
}